<record><leader>00000cas a2200000 a 4500</leader><controlfield tag="001">11546750</controlfield><controlfield tag="008">850104d18681878caudn ne      0    0eng c</controlfield><datafield ind1=" " ind2=" " tag="010"><subfield code="a">sn 85025019 </subfield></datafield><datafield ind1=" " ind2=" " tag="040"><subfield code="a">NPX</subfield><subfield code="b">eng</subfield><subfield code="c">NPX</subfield><subfield code="d">ANU</subfield><subfield code="d">MFN</subfield><subfield code="d">CNK</subfield><subfield code="d">OCLCQ</subfield><subfield code="d">CNK</subfield><subfield code="d">OCLCQ</subfield><subfield code="d">OCLCF</subfield><subfield code="d">OCLCO</subfield><subfield code="d">CUS</subfield></datafield><datafield ind1=" " ind2=" " tag="042"><subfield code="a">pcc</subfield></datafield><datafield ind1=" " ind2=" " tag="043"><subfield code="a">n-us-ca</subfield></datafield><datafield ind1=" " ind2="4" tag="050"><subfield code="a">AN25.O2</subfield><subfield code="b">D3</subfield></datafield><datafield ind1="0" ind2="0" tag="245"><subfield code="a">Oakland daily transcript.</subfield></datafield><datafield ind1=" " ind2=" " tag="260"><subfield code="a">Oakland [Calif.] :</subfield><subfield code="b">O.P. Truesdell</subfield></datafield><datafield ind1=" " ind2=" " tag="300"><subfield code="a">volumes</subfield></datafield><datafield ind1=" " ind2=" " tag="310"><subfield code="a">Daily (except Mon.)</subfield></datafield><datafield ind1=" " ind2=" " tag="336"><subfield code="a">text</subfield><subfield code="b">txt</subfield><subfield code="2">rdacontent</subfield></datafield><datafield ind1=" " ind2=" " tag="337"><subfield code="a">unmediated</subfield><subfield code="b">n</subfield><subfield code="2">rdamedia</subfield></datafield><datafield ind1=" " ind2=" " tag="338"><subfield code="a">volume</subfield><subfield code="b">nc</subfield><subfield code="2">rdacarrier</subfield></datafield><datafield ind1="0" ind2=" " tag="362"><subfield code="a">Vol. 1, no. 124 (Aug. 24, 1868)-v. 20., no. 81 (Jan. 6, 1878).</subfield></datafield><datafield ind1=" " ind2=" " tag="530"><subfield code="a">Master negatives are available for duplication from:</subfield><subfield code="b">California Newspaper Microfilm Archive;</subfield><subfield code="c">positive copies may be purchased by the reel; for further information consult the CNMA at:</subfield><subfield code="u">http://cbsr.ucr.edu</subfield></datafield><datafield ind1=" " ind2="0" tag="651"><subfield code="a">Oakland (Calif.)</subfield><subfield code="v">Newspapers.</subfield></datafield><datafield ind1=" " ind2="7" tag="651"><subfield code="a">California</subfield><subfield code="z">Oakland.</subfield><subfield code="2">fast</subfield><subfield code="0">(OCoLC)fst01206605</subfield></datafield><datafield ind1=" " ind2="7" tag="655"><subfield code="a">Newspapers.</subfield><subfield code="2">fast</subfield><subfield code="0">(OCoLC)fst01423814</subfield></datafield><datafield ind1=" " ind2=" " tag="752"><subfield code="a">United States</subfield><subfield code="b">California</subfield><subfield code="c">Alameda</subfield><subfield code="d">Oakland.</subfield></datafield><datafield ind1="0" ind2=" " tag="775"><subfield code="t">Oakland weekly transcript and Alameda County gazette</subfield><subfield code="w">(DLC)sn 92069013</subfield><subfield code="w">(OCoLC)27059797</subfield></datafield><datafield ind1="0" ind2=" " tag="775"><subfield code="t">Oakland weekly transcript</subfield><subfield code="w">(DLC)sn 92069019</subfield><subfield code="w">(OCoLC)27059820</subfield></datafield><datafield ind1="0" ind2="0" tag="780"><subfield code="t">Oakland evening transcript</subfield><subfield code="w">(DLC)sn 92069012</subfield><subfield code="w">(OCoLC)27059688</subfield></datafield><datafield ind1="0" ind2="0" tag="785"><subfield code="t">Oakland daily times</subfield><subfield code="w">(DLC)sn 92069017</subfield><subfield code="w">(OCoLC)27059710</subfield></datafield></record>